<record><leader>00000cas a2200000 a 4500</leader><controlfield tag="001">13085166</controlfield><controlfield tag="008">860130d19071939inudr ne      0    0eng c</controlfield><datafield ind1=" " ind2=" " tag="010"><subfield code="a">sn 86058226 </subfield></datafield><datafield ind1=" " ind2=" " tag="040"><subfield code="a">NPI</subfield><subfield code="b">eng</subfield><subfield code="c">NPI</subfield><subfield code="d">KNP</subfield><subfield code="d">MHN</subfield><subfield code="d">OCL</subfield><subfield code="d">OCLCQ</subfield><subfield code="d">CUI</subfield><subfield code="d">OCLCQ</subfield><subfield code="d">OCLCF</subfield></datafield><datafield ind1="1" ind2=" " tag="029"><subfield code="a">AU@</subfield><subfield code="b">000004560236</subfield></datafield><datafield ind1=" " ind2=" " tag="042"><subfield code="a">pcc</subfield></datafield><datafield ind1=" " ind2=" " tag="043"><subfield code="a">n-us-in</subfield></datafield><datafield ind1=" " ind2="4" tag="050"><subfield code="a">AN</subfield></datafield><datafield ind1="0" ind2="4" tag="245"><subfield code="a">The Richmond palladium and sun-telegram.</subfield></datafield><datafield ind1=" " ind2=" " tag="260"><subfield code="a">Richmond, Ind. :</subfield><subfield code="b">[Palladium Print. Co.],</subfield><subfield code="c">1907-1939.</subfield></datafield><datafield ind1=" " ind2=" " tag="300"><subfield code="a">v. :</subfield><subfield code="b">ill. ;</subfield><subfield code="c">59 cm.</subfield></datafield><datafield ind1=" " ind2=" " tag="310"><subfield code="a">Daily</subfield></datafield><datafield ind1="0" ind2=" " tag="362"><subfield code="a">Vol. 31, no. 363 (Mar. 17, 1907)-v. 109, no. 6 (Jan. 7, 1939).</subfield></datafield><datafield ind1=" " ind2=" " tag="500"><subfield code="a">Publisher's name from Miller, John W. Indiana newspaper bibliog.</subfield></datafield><datafield ind1=" " ind2=" " tag="500"><subfield code="a">Issue called: 100th Anniversary ed., Jan. 1, 1931.</subfield></datafield><datafield ind1=" " ind2=" " tag="500"><subfield code="a">Progressive party paper; opposed the Ku Klux Klan and the Republican party. Cf. Miller.</subfield></datafield><datafield ind1=" " ind2=" " tag="515"><subfield code="a">Issues for Mar. 17-29, 1907 were numbered: v. 31, no. 363--as were all issues of the preceding title dating back to Feb. 16, 1907. Mar. 30, 1907 issue is numbered, v. 32, no. 78.</subfield></datafield><datafield ind1=" " ind2=" " tag="525"><subfield code="a">There was a special supplement published on Jan. 1, 1931 which celebrated the 100th anniversary of the paper.</subfield></datafield><datafield ind1=" " ind2=" " tag="580"><subfield code="a">Formed by the merger of: Farm palladium, Richmond palladium (Richmond, Ind. : 1906 : Daily) and Richmond sun-telegram (Richmond, Ind. : 1906 : Daily).</subfield></datafield><datafield ind1=" " ind2=" " tag="580"><subfield code="a">Published until about 1917 also in a weekly edition called: Richmond sun. Telegram.</subfield></datafield><datafield ind1=" " ind2="0" tag="651"><subfield code="a">Richmond (Ind.)</subfield><subfield code="v">Newspapers.</subfield></datafield><datafield ind1=" " ind2="0" tag="651"><subfield code="a">Wayne County (Ind.)</subfield><subfield code="v">Newspapers.</subfield></datafield><datafield ind1=" " ind2="7" tag="655"><subfield code="a">Newspapers.</subfield><subfield code="2">fast</subfield><subfield code="0">(OCoLC)fst01423814</subfield></datafield><datafield ind1=" " ind2="7" tag="651"><subfield code="a">Indiana</subfield><subfield code="z">Richmond.</subfield><subfield code="2">fast</subfield><subfield code="0">(OCoLC)fst01205951</subfield></datafield><datafield ind1=" " ind2="7" tag="651"><subfield code="a">Indiana</subfield><subfield code="z">Wayne County.</subfield><subfield code="2">fast</subfield><subfield code="0">(OCoLC)fst01218729</subfield></datafield><datafield ind1=" " ind2=" " tag="752"><subfield code="a">United States</subfield><subfield code="b">Indiana</subfield><subfield code="c">Wayne</subfield><subfield code="d">Richmond.</subfield></datafield><datafield ind1="1" ind2=" " tag="775"><subfield code="t">Richmond sun. Telegram (Richmond, Ind. : 1897 : Weekly)</subfield><subfield code="w">(DLC)sn 86058225</subfield><subfield code="w">(OCoLC)13085041</subfield></datafield><datafield ind1="1" ind2="4" tag="780"><subfield code="t">Farm palladium</subfield></datafield><datafield ind1="1" ind2="4" tag="780"><subfield code="t">Richmond palladium (Richmond, Ind. : 1906 : Daily)</subfield><subfield code="w">(DLC)sn 82015675</subfield><subfield code="w">(OCoLC)8809660</subfield></datafield><datafield ind1="1" ind2="4" tag="780"><subfield code="t">Richmond sun-telegram (Richmond, Ind. : 1906 : Daily)</subfield><subfield code="w">(DLC)sn 86058224</subfield><subfield code="w">(OCoLC)13085133</subfield></datafield><datafield ind1="0" ind2="7" tag="785"><subfield code="t">Richmond item (Richmond, Ind.)</subfield><subfield code="w">(DLC)sn 86058237</subfield><subfield code="w">(OCoLC)13089930</subfield></datafield><datafield ind1="0" ind2="7" tag="785"><subfield code="t">Palladium-item and sun-telegram</subfield><subfield code="w">(DLC)sn 86058238</subfield><subfield code="w">(OCoLC)13089951</subfield></datafield></record>